2528 3776
169 285 172 292 ι
275 164 346 248 De
354 161 504 274 Regula
514 159 718 247 Societatia
731 157 917 273 Simplici.
1003 185 1085 271 259

444 373 601 463 CAl’.
656 385 743 460 vl.

186 585 189 592 .
260 518 332 604 De
346 519 494 632 Regula
505 518 707 606 sacietatis
717 521 903 633 Simplici.

96 697 176 863 C
190 691 222 758 V
236 678 275 758 M
298 684 379 754 inter
395 682 587 755 Mercatoree
608 691 647 781 (a
668 636 778 785 quibus
797 685 861 756 haec
873 679 994 792 Regula
1015 701 1077 755 nos

183 809 256 854 men
277 783 387 878 adepta
407 781 451 853 ell
460 788 474 872 )
502 806 568 855 non
588 809 657 855 raro
674 785 832 864 obtineat,
858 807 891 855 ut
904 789 1005 880 plures
1022 782 1076 872 spe

88 879 311 955 lucriaddudti.
336 880 524 952 Societatem
542 881 686 953 ineant&
698 883 910 958 incommune
928 907 1080 953 commo·-¹

90 984 169 1054 dum
188 981 297 1080 finguli
314 997 363 1048 aut
374 982 524 1078 equalem
534 1001 584 1048 aut
602 982 784 1079 inequalem
795 983 973 1078 expendant
983 1003 1079 1077 pecu*

89 1081 142 1151 nia
152 1083 316 1154 Summam
330 1135 338 1159 ‚
352 1095 412 1176 qua
422 1079 619 1174 negotientur
628 1104 664 1149 ea
674 1081 854 1152 conditione
865 1126 875 1160 ,
887 1078 950 1150 utst
964 1081 1079 1150 collate

94 1175 218 1250 summa
242 1176 354 1274 aliquid
374 1179 525 1259 lucretur,
552 1175 628 1246 illud
648 1177 810 1250 secundum
838 1179 1081 1276 proportionem

91 1279 280 1361 collatorum
293 1299 494 1346 nummorum
505 1275 585 1345 inter
596 1273 690 1345 socias
700 1267 903 1352 dillribuatur.
937 1355 939 1360 ,

143 1375 229 1444 Huic
238 1371 443 1442 distributioni
453 1369 667 1444 didiainservit
685 1378 846 1448 societatis
858 1375 1079 1474 Regula‚quar

47 1466 50 1471 ’
92 1497 167 1547 cum
185 1489 296 1570 preter
305 1492 520 1556 mercaturam,
533 1497 596 1542 non
607 1474 658 1542 uni
669 1492 787 1550 tantum
799 1475 843 1546 rei
853 1473 997 1571 applicari
1007 1463 1079 1570 pol·

93 1569 132 1640 fit
144 1616 156 1650 ‚
169 1569 279 1666 magni
296 1569 410 1664 poterit
420 1570 514 1640 etiarn
525 1569 673 1643 elleulus.
757 1573 775 1579 ”
850 1589 853 1594 ·

146 1671 255 1740 Docet
265 1687 430 1738 numerum
441 1667 560 1748 datum,
568 1669 600 1739 in
611 1690 711 1764 partes
721 1667 858 1740 dividere
878 1668 1082 1740 datisnnmea'

92 1765 135 1838 ris
148 1763 283 1862 pluribus
294 1767 541 1862 proportionales
557 1811 568 1843 ‚
587 1769 728 1862 adeoque
748 1767 980 1860 propemodum
1002 1763 1078 1833 nihil
1102 1777 1105 1782 “

94 1865 176 1938 aliud
196 1862 241 1934 est
260 1889 353 1962 quam
365 1865 487 1962 Regula
498 1871 600 1933 Aurea
610 1861 660 1932 seu
673 1862 886 1959 l'roportionis
904 1860 1010 1957 sepius
1028 1884 1081 1930 re·

118 1963 214 2048 caitae
245 1985 316 2034 uare
332 1959 588 2057 exsuperioribus
605 1960 722 2033 traditie
733 1961 874 2056 operatio
892 1985 986 2060 quam
1000 1981 1081 2054 pret⁴

94 1987 206 2131 icribit
223 1989 312 2130 iacile
330 2059 540 2160 intelligetur,
566 2060 704 2131 maxime
721 2085 797 2132 uero
816 2058 978 2157 Exemplis
996 2057 1084 2163 adlaig

95 2157 184 2230 bitis.
832 2161 835 2166 ’

148 2255 229 2354 Qaae
240 2253 354 2351 duplici
366 2243 464 2326 modo
473 2251 594 2350 poliunt
604 2256 750 2353 proponi.
799 2265 801 2270 ’

149 2366 215 2425 Aut
225 2357 310 2426 enirn
320 2356 439 2422 collate
449 2353 487 2423 ab
498 2380 559 2426 uno
586 2381 688 2454 uoque
700 2362 836 2428 Summe
849 2351 968 2428 additur
977 2347 1084 2426 derera'

95 2452 254 2524 minatum
266 2451 389 2549 aliquod
400 2455 549 2544 temporis
559 2382 703 2546 lineium,
714 2480 769 2548 per
778 2454 863 2551 quod
877 2455 1005 2548 pecunia
1014 2455 1081 2520 col-

96 2555 159 2623 lata
169 2549 226 2634 est,
237 2551 376 2648 adeoque
388 2555 525 2622 Lucrum
534 2571 585 2635 aut
595 2554 758 2620 Damnum
781 2547 1024 2620 distribuendum
1037 2545 1084 2616 est

4 2707 9 2714 .
97 2670 295 2720 nontantum
307 2650 425 2718 ratione
443 2645 578 2744 pecuniae
588 2646 754 2744 expositae,
770 2645 926 2718 sedetiam
943 2643 1086 2742 respediu

97 2747 264 2840 temporie.
574 2829 577 2835 Ι

152 2854 218 2914 Aur
230 2834 409 2939 simpliciter
427 2858 548 2914 rantum
560 2840 623 2912 fine
640 2857 786 2936 tempore
796 2838 923 2938 pecunia
940 2837 1085 2916 nomina·

99 2961 170 3019 rura
192 2939 638 3038 prelupposrtoomnessotios
657 2941 695 3011 ab
708 2942 797 3012 initio
807 2939 893 3012 srmu'l
903 2933 1086 3010 contraxilic

102 3033 310 3212 {adneptque
319 3041 397 3112 adeo
410 3065 497 3137 arque
508 3041 558 3114 diu
567 3037 705 3130 ejusdem
717 3040 876 3113 societatis
887 3035 971 3110 luisse
982 3063 1088 3110 mem·

127 3163 168 3208 ro.

156 3233 293 3310 briocen
305 3233 392 3333 quod
401 3259 460 3334 pro
468 3233 583 3334 duplici
592 3232 651 3312 isso
661 3231 742 3306 Casu
753 3235 865 3332 duplex
874 3233 1093 3308 cuminian«

104 3331 194 3406 tuest
411 3397 415 3404 „
479 3375 481 3378 ·

691 3418 768 3500 Ra·
1023 3419 1095 3498 tte-
1161 3510 1167 3530 ?
