2538 3806
354 193 426 274 De
446 190 803 274 Combinatt'nnibns.
1003 225 1084 306 4²1

92 303 208 403 poffint
224 301 416 386 combinari,
437 326 528 372 unam
542 301 808 373 combinationem
831 305 959 378 duarum
979 310 1084 384 litem·

81 432 152 478 rum
178 429 208 478 a.
231 402 263 474 b.
288 405 321 472 in
347 409 379 472 A
403 401 563 474 inventam
582 402 716 470 retinere
732 425 879 496 oportet,
908 412 940 476 δι
968 410 1082 483 addere

81 529 178 574 unam
196 526 265 598 quae
306 497 388 569 otest
408 495 474 567 fieri
491 523 563 568 cum
589 523 616 571 a.
644 522 680 574 c,
709 519 742 567 ut
762 506 795 568 δι
810 501 908 572 adhuc
928 525 1021 577 unam
1039 534 1080 582 ex

80 603 115 672 b.
142 625 167 670 c.
195 623 264 699 quae
278 525 344 669 ium
357 619 546 694 omnesque
557 595 665 677 haberi
677 597 824 691 ponunt,
845 601 989 701 adeoque
1000 627 1078 700 tres,

80 720 118 772 ut
129 697 235 768 videre
248 695 294 768 est
304 697 336 766 in
350 699 390 770 B.

135 795 200 888 Qi
219 819 366 866 numerus
386 817 400 885 3
423 790 707 864 combinationum
727 817 767 863 ex
785 791 847 865 hoc
872 793 1080 876 fundamento

81 892 356 972 inventusfetiam
375 891 498 963 brevius
518 890 689 964 obtinetur.
717 889 738 960 si
762 917 790 965 a.
815 894 845 963 b.
871 902 906 966 δι
933 899 994 990 ab,
1009 921 1078 972 tan.

80 1015 179 1090 quam
189 1014 237 1062 res
247 989 347 1063 divisae
357 990 506 1060 adduntur
520 989 552 1058 in
569 1013 661 1059 unam
680 987 897 1070 summumne
908 993 961 1066 fiat
975 1021 989 1083 ς
1005 1003 1078 1098 ,qui
1097 1057 1099 1068 .

80 1089 211 1161 exhibet
224 1113 389 1160 numerum
398 1087 669 1160 combinationum
682 1088 773 1157 trium
782 1089 940 1163 literarum
952 1099 990 1166 Β.

132 1189 249 1258 Tertio.
287 1187 370 1274 Quia
395 1188 456 1274 jam
482 1209 545 1255 tres
569 1187 665 1256 litere
692 1210 720 1254 a.
747 1185 783 1258 b.
805 1212 836 1259 c.
862 1190 1030 1266 admittunt
1055 1221 1072 1290 3

77 1283 385 1374 combinationes,ii
407 1281 460 1380 ipsi
481 1281 665 1381 adjungatur
684 1304 791 1380 quarta
815 1286 846 1356 d.
870 1288 1003 1364 illatum
1015 1292 1075 1366 sm·

73 1383 162 1482 gulis
178 1379 273 1453 semel
295 1383 410 1478 poterit
434 1379 631 1469 combinari,
658 1400 691 1449 ut
710 1383 835 1452 veniant
862 1386 960 1460 adhuc
995 1412 1070 1473 tres,

75 1505 151 1579 quae
166 1505 238 1552 cum
249 1475 490 1578 praecedcniibus
509 1485 532 1547 6
549 1478 799 1554 combinationes
815 1479 948 1573 faciunt,
975 1509 1008 1562 ut
1018 1516 1074 1590 pa.

76 1597 128 1650 tet
138 1578 169 1649 in
182 1581 223 1652 C.
647 1599 650 1607 ¹
1034 1661 1039 1666 ,

132 1677 230 1753 Quod
241 1676 448 1772 iterumidem
459 1673 698 1746 estncsiliterus
721 1703 748 1745 a.
773 1674 807 1748 b.
835 1701 861 1746 c.
889 1687 924 1752 &
948 1679 997 1753 ab.
1024 1711 1068 1760 ac.
1117 1696 1119 1700 ’

73 1771 130 1846 bc.
158 1775 303 1846 addamus
316 1810 327 1868 3
354 1777 470 1870 quippe
483 1776 588 1845 veniet
599 1775 683 1843 idem
693 1798 838 1861 numerus
857 1783 899 1858 6,
911 1801 969 1872 pro
978 1804 1071 1856 com.

70 1871 286 1954 binationibus
298 1873 490 1968 sequentium
504 1892 634 1971 quatuor
644 1872 813 1944 literarum.

133 1979 246 2066 Qano
281 1967 301 2037 si
329 1995 353 2062 4
388 1969 488 2038 literas
513 1996 540 2044 a.
567 1971 599 2040 b.
629 1995 655 2040 c.
685 1970 714 2041 d.
749 1973 784 2044 ἃ
814 1979 837 2041 6
862 1972 1070 2049 combinatio.

72 2095 133 2142 nes
149 2069 297 2136 addamus
305 2069 335 2137 in
348 2092 439 2138 unam
451 2064 603 2151 summam
616 2125 623 2150 ,
646 2069 842 2140 inveniemus
856 2095 896 2140 ιο
906 2075 1069 2148 combina.

71 2170 179 2239 tiones
192 2190 249 2260 pro
261 2163 492 2263 sequentibus5
515 2167 610 2238 literis
635 2191 661 2235 a.
689 2168 719 2237 b.
747 2191 774 2236 c.
802 2170 833 2246 d.
858 2193 886 2241 e.
1075 2173 1077 2179 ’

127 2266 170 2335 Et
186 2263 227 2335 iic
245 2265 277 2335 in
301 2264 459 2338 infinitum
470 2266 612 2337 addendo
624 2266 728 2336 liteias
745 2291 815 2338 cum
831 2265 888 2343 su'u
900 2271 1068 2348 combina-

67 2364 210 2437 tionibus
224 2363 357 2435 inventis
367 2365 506 2460 prodibit
518 2368 677 2435 Numerus
687 2365 957 2443 combinationum
968 2399 1066 2473 ,quas

67 2455 241 2535 admittunt
251 2463 372 2534 eaedem
383 2486 441 2528 una
455 2462 541 2528 litera
551 2462 655 2532 austu.
1073 2491 1076 2496 ¹

122 2563 233 2654 Atque
242 2560 322 2628 hunc
331 2560 363 2626 in
375 2559 506 2624 modum
519 2557 643 2623 inventa
651 2557 696 2626 est
705 2560 839 2657 sequensx
846 2561 981 2644 Tabula,
991 2591 1063 2662 qnae

67 2656 181 2754 primo
199 2655 330 2737 intuitu,
359 2651 455 2745 usque
475 2651 512 2720 od
529 2655 708 2754 Numerum
724 2679 765 2726 10
777 2658 935 2732 literarum
949 2661 1064 2737 indicat

68 2774 153 2856 quot
164 2749 291 2826 diverse
302 2744 764 2848 poffintiiericomninanones.
